@STRING{mokhov = {Mokhov, Andrey}}
@STRING{alekseyev = {Alekseyev, Arseniy}}
@STRING{yakovlev = {Yakovlev, Alex}}
@STRING{ncl = {Newcastle University}}
@STRING{ieee = {IEEE Transactions on Computers}}
@STRING{khomenko = {Khomenko, Victor}}

@PHDTHESIS{2009_mokhov_phd,
  author = mokhov,
  title = {Conditional Partial Order Graphs},
  school = ncl,
  year = {2009}
}

@ARTICLE{2010_mokhov_ieee,
  author = mokhov # { and } # yakovlev,
  title = {{Conditional Partial Order Graphs: Model, Synthesis and Application}},
  journal = ieee,
  year = {2010},
  number = {11},
  volume = {59},
  pages = {1480-1493},
}

@phdthesis{norell:thesis,
  author  = {Ulf Norell},
  title	  = {Towards a practical programming language based on dependent type
	     theory},
  school  = {Department of Computer Science and Engineering, Chalmers University of Technology},
  year	  = 2007,
  month	  = {September},
  address = {SE-412 96 G\"{o}teborg, Sweden}
}

@misc{agdalib,
      AUTHOR = "Nils Anders Danielsson",
      TITLE = "Agda standard library",
      year	  = 2011,
      howpublished = "\url{http://wiki.portal.chalmers.se/agda/agda.php?n=Libraries.StandardLibrary}"
}

@techreport{2011_mokhov_pg,
  author = mokhov # { and } # khomenko  # { and } # alekseyev # { and } # yakovlev,
  title = "Algebra of Parametrised Graphs",
  institution = ncl,
  year = {2011 (pending)},
}
