This file was created with JabRef 2.0.1.
Encoding: UTF8

@STRING{concur = {Proc. CONCUR}}

@STRING{cwi = {Centrum voor Wiskunde en Informatica}}

@STRING{date = {Proc. Design, Automation and Test in Europe (DATE)}}

@STRING{dcs = {Dept. of Computer Science}}

@STRING{eatcs = {Bulletin of the {EATCS}}}

@STRING{ENTCS = {Electr. Notes Theoret. Comput. Sci. }}

@STRING{FAC = {Formal Aspects of Computing}}

@STRING{ic = {Information and Computation}}

@STRING{icalp = {Automata, Languages and Programming}}

@STRING{icsp = {IEEE Computer Society Press}}

@STRING{IF = {Informatik-{F}achber. }}

@STRING{IPL = {Inf. Proc. Letter }}

@STRING{lics = {Logic in Computer Science }}

@STRING{LNCS = {Lect. Notes Comp. Sci. }}

@STRING{oucl = {Oxford University Computer Laboratory}}

@STRING{popl = {Principles of Programming Languages}}

@STRING{FUNDAM = {Fundamenta Informaticae}}

@STRING{taps = {the Proceedings of {TAPSOFT}}}

@STRING{TCS = {Theoret. Comput. Sci. }}

@STRING{WICS = {Worksh. in Computing}}

@string{SV = {Springer-Verlag}}


@INPROCEEDINGS{andr83,
  author = {Andr{\'e}, C.},
  title = {Structural transformations giving {B}-equivalent {PT}-nets},
  booktitle = {Applications and Theory of {P}etri Nets},
  year = {14--28. Springer, 1983},
  editor = {Pagnoni and Rozenberg},
  series = IF # {66},
}

@BOOK{bani98,
  title = {Term Rewriting and All That},
  publisher = {Cambridge University Press, Cambridge},
  year = {1998},
  author = {Baader, F. and Nipkow, T.},
}

@INPROCEEDINGS{bew00,
  author = {Beister, J. and Eckstein, G. and Wollowski, R.},
  title = {CASCADE: a tool kernel supporting a comprehensive design method for
    asynchronous controllers},
  booktitle = {Applications and Theory of {P}etri Nets 2000},
  year = {445--454. Springer, 2000},
  editor = {Nielsen, M.},
  series = LNCS # {1825},
}

@INPROCEEDINGS{bewo93,
  author = {Beister, J. and Wollowski, R.},
  title = {Controller implementation by communicating asynchronous sequential
    circuits generated from a {P}etri net specification of required behaviour},
  booktitle = {Synthesis for Control Dominated Circuits},
  year = {103--115. Elsevier Sci.\ Pub.\, 1993},
  editor = {Caucier, G. and Trilhe, J.},
}

@CONFERENCE{berkel91,
  author = {Kees van Berkel and Joep Kessels and Marly Roncken and Ronald Saeijs
	and Frits Schalij},
  title = {The {VLSI}-programming language \tangram and its translation into
	handshake circuits},
  booktitle = {Proc. European Conference on Design Automation (EDAC)},
  year = {1991},
}

@article{B-93,
    author={Berkel,~K.~v.},
    title={{Handshake Circuits: an Asynchronous Architecture for VLSI Programming}},
    journal={International Series on Parallel Computation},
    volume={5},
    publisher={Cambridge University Press},
    year={1993}
}

@INPROCEEDINGS{bert87,
  author = {Berthelot, G.},
  title = {Transformations and decompositions of nets},
  booktitle = {{P}etri Nets: Central Models and Their Properties},
  year = {359--376. Springer, 1987},
  editor = {Brauer, W. and others},
  series = LNCS # {254},
}

@INPROCEEDINGS{best87,
  author = {Best, E.},
  title = {Structure Theory of {P}etri Nets: The Free Choice Hiatus},
  booktitle = {Petri Nets: Central Models and Their Properties},
  year = {168--205. Springer, 1987},
  editor = {Brauer, W. and others},
  series = LNCS # {254},
}

@INPROCEEDINGS{ccjs94,
  author = {Campos, J. and Colom, J. M. and Jungnitz, H. and Silva, M.},
  title = {Approximate Throughput Computation of Stochastic Marked Graphs},
  booktitle = {IEEE Transactions on Software Engineering 20},
  year = {1994},
  pages = {526-535},
}

@inproceedings{caco06,
    author={Carmona,~J. and Cortadella,~J.},
    title={{State Encoding of Large Asynchronous Controllers}},
    booktitle={Proc.\ DAC'06},
    publisher=icsp,
    year={2006},
    pages={939--944}
}

@PHDTHESIS{car03,
  author = {Carmona, Josep},
  title = {Structural Methods for the Synthesis of Well-Formed Concurrent Specifications},
  school = {Universitat Polit\`ecnica de Catalunya},
  year = {2003},
}

@INPROCEEDINGS{caco03,
  author = {Carmona, J. and Cortadella, J.},
  title = { {ILP} models for the synthesis of asynchronous control circuits},
  booktitle = {Proc. of the IEEE/ACM International Conference on Computer Aided
    Design},
  year = {2003},
  pages = {818-825},
}

@INPROCEEDINGS{caco02,
  author = {Carmona, J. and Cortadella, J.},
  title = {Input/output compatibility of reactive systems},
  booktitle = {Int. Conf. on Formal Methods in Computer-Aided Design (FMCAD)},
  year = {2002},
}

@ARTICLE{ccp02,
  author = {Carmona, J. and Cortadella, J. and Pastor, E.},
  title = {A structural encoding technique for the synthesis of asynchronous
    circuits},
  journal = {Fundamenta Informaticae},
  year = {2002},
  volume = {34},
  pages = {1-23},
}

@INPROCEEDINGS{ccp02a,
  author = {Carmona, J. and Cortadella, J. and Pastor, E.},
  title = {Synthesis of Reactive Systems: Application to Asynchronous Circuit
    Design},
  booktitle = {Advances in Concurrency and Hardware Design},
  year = {2002},
  series = LNCS # {2549},
  pages = {108-151},
}

@INPROCEEDINGS{ccp01,
  author = {Carmona, J. and Cortadella, J. and Pastor, E.},
  title = {A structural encoding technique for the synthesis of asynchronous
    circuits},
  booktitle = {2nd. Int. Conf. on Application of Concurrency to System Design (ICACSD)},
  year = {2001},
  pages = {157-166},
}

@INPROCEEDINGS{CN-02,
    author={Chelcea, T. and Nowick, S.M.},
    booktitle={Proc.\ DAC'02},
    title={Resynthesis and peephole transformations for the optimization of large-scale asynchronous systems},
    year={2002},
    pages={405--410}
}


@PHDTHESIS{chu87a,
  author = {Chu, T.-A.},
  title = {Synthesis of Self-Timed {VLSI} Circuits from Graph-Theoretic Specifications},
  school = {MIT},
  year = {1987},
}

@INPROCEEDINGS{chu87b,
  author = {Chu, T.-A.},
  title = {Synthesis of self-timed {VLSI} circuits from Graph-Theoretic Specifications},
  booktitle = {IEEE Int. Conf. Computer Design ICCD '87},
  year = {1987},
  pages = {220-223},
}

@ARTICLE{chu86,
  author = {Chu, T.-A.},
  title = {On the models for designing {VLSI} asynchronous digital systems},
  journal = {Integration: the VLSI Journal},
  year = {1986},
  volume = {4},
  pages = {99-113},
}

@BOOK{ckkly02,
  title = {Logic Synthesis of Asynchronous Controllers and Interfaces},
  publisher = {Springer},
  year = {2002},
  author = {Cortadella, J. and Kishinevsky, M. and Kondratyev, A. and Lavagno,
    L. and Yakovlev, A.},
}

@ARTICLE{ckkly97,
  author = {Cortadella, J. and Kishinevsky, M. and Kondratyev, A. and La\-vag\-no,
    L. and Yakovlev, A.},
  title = {\petrify: a tool for manipulating concurrent specifications and
    synthesis of asynchronous controllers},
  journal = {IEICE Trans.\ Information and Systems},
  year = {1997},
  volume = {E80-D, 3},
  pages = {315-325},
}

@BOOK{dees95,
  title = {Free Choice Petri Nets},
  publisher = {Cambridge University Press, Cambridge},
  year = {1995},
  author = {Desel, J. and Esparza, J.},
}

@BOOK{dill88,
  title = {Trace Theory for Automatic Hierarchical Verification of Speed-Independent
    circuits},
  publisher = {MIT Press, Cambridge},
  year = {1988},
  author = {Dill, D.},
}

@ARTICLE{eber92,
  author = {Ebergen, J.},
  title = {Arbiters: an exercise in specifying and decomposing asynchronously
    communicating components},
  journal = {Sci. of Computer Programming},
  year = {1992},
  volume = {18},
  pages = {223-245},
}

@PHDTHESIS{eber87,
  author = {Ebergen, J. C.},
  title = {Translating Programs into Delay-Insensitive Circuits},
  school = {Dept.\ of Math and C.S., Eindhoven University of Technology},
  year = {1987},
}

@article{EB-02,
    author={Edwards,~D. and Bardsley,~A.},
    title={{\balsa: an Asynchronous Hardware Synthesis Language}},
    journal={The Computer Journal},
    volume={45},
    number={1},
    year={2002},
    pages={12--18}
}

@ARTICLE{espa94,
  author = {Esparza, J.},
  title = {Reduction and Synthesis of Live and Bounded Free Choice {P}etri Nets},
  journal = {Information and Computation},
  year = {1994},
  volume = {Volume 114, Issue 1},
  pages = {50-87},
  note = {http://www.sciencedirect.com/science/article/B6WGK-45NK17J-H/2/0b491b1588a453ae6db8848de833fdd2},
}

@inproceedings{E-98,
    author={Esparza,~J.},
    title={Decidability and Complexity of {P}etri Net Problems --- an Introduction},
    booktitle={Lectures on Petri Nets I: Basic Models},
    editor={Reisig,~W. and Rozenberg,~G.},
    series=LNCS # {~1491},
    publisher=SV,
    year={1998},
    pages={374--428}
}

@INPROCEEDINGS{gaco97,
  author = {Garcï¿½-Vallï¿½, F. and Colom, J.M.},
  title = {Structural Analysis of Signal Transition Graphs},
  booktitle = {Petri Nets in System Engineering},
  year = {1997},
}

@INPROCEEDINGS{gaco97,
  author = {Garcï¿œ-Vallï¿œ, F. and Colom, J.M.},
  title = {Structural Analysis of Signal Transition Graphs},
  booktitle = {{P}etri Nets in System Engineering},
  year = {1997},
}

@ARTICLE{holl82,
  author = {Hollaar, L. A.},
  title = {Direct implementation of asynchronous control units},
  journal = {{IEEE} Transactions on Computers},
  year = {1982},
  volume = {C-31(12)},
  pages = {1133-1141},
}

@MISC{ITRS-05,
    key={ITRS},
    title={{International Technology Roadmap for Semiconductors: Design}},
    year={2005},
    author={},
    note={\\URL: \texttt{www.itrs.net/Links/2005ITRS/Design2005.pdf}}
}

@INPROCEEDINGS{JF-00,
    author={Josephs, M.B. and Furey, D.},
    title={Delay-insensitive interface specification and synthesis},
    booktitle={Proc.\ DATE'00},
    year={2000},
    pages={169--173}
}

@phdthesis{K-03-thesis,
    author={Khomenko,~V.},
    title={Model Checking Based on Prefixes of Petri Net Unfoldings},
    number={British Lending Library DSC stock location number: DXN061636},
    school={School of Computing Science, Newcastle University},
    year={2003}
}

@INPROCEEDINGS{koko01,
  author = {Khomenko, V. and Koutny, M.},
  title = {Towards an Efficient Algorithm for Unfolding {P}etri Nets},
  booktitle = {CONCUR 2001},
  year = {2001},
  editor = {Larsen, K.G. and Nielsen, M.},
  series = LNCS # {2154},
}

@INPROCEEDINGS{kky04,
  author = {Khomenko, V. and Koutny, M. and Yakovlev, A.},
  title = {Logic Synthesis for Asynchronous Circuits Based on {P}etri Net Unfoldings
    and Incremental SAT},
  booktitle = {ACSD 2004},
  year = {2004},
  editor = {Kishinevsky M. and Darondeau, Ph.},
  pages = {16-25},
}

@TECHREPORT{KS-07-TR,
      author = {Khomenko, V. and Schaefer, M.},
      title = {Combining Decomposition and Unfolding for {STG} Synthesis},
      institution = {University of Augsburg},
      year = {2007},
      number = {2007-01},
      note = {\\URL: \texttt{http://www.informatik.uni-augsburg.de/skripts/techreports/}}
}

@INPROCEEDINGS{KS-07,
  author = {V. Khomenko and M. Schaefer},
  title = {Combining Decomposition and Unfolding for {STG} Synthesis},
  booktitle = {Proc.\ ATPN'07},
  year = {2007},
  pages = {223-243},
  ee = {http://dx.doi.org/10.1007/978-3-540-73094-1_15},
}

@ARTICLE{KSV-08,
  AUTHOR =       {V. Khomenko and M. Schaefer and W. Vogler},
  TITLE =        {Out\-put-De\-ter\-min\-acy and Asynchronous Circuit Synthesis},
  JOURNAL =      FUNDAM,
  YEAR =         {2008},
  publisher =    {IOS Press},
  volume =       {88},
  number =       {4},
  pages =        {541--579},
  note =         {Special Issue on Best Papers from ACSD'07}
}

@ARTICLE{KSVW-09,
  AUTHOR =       {V. Khomenko and M. Schaefer and W. Vogler and R. Wollowski},
  TITLE =        {{STG} Decomposition Strategies in Combination with Unfolding},
  JOURNAL =      {Acta Informatica},
  YEAR =         {2009},
  publisher =    SV,
  volume =       {46},
  number =       {6},
  pages =        {433-474},
}


@BOOK{KKTV-94,
    author = {M. Kishinevsky and A. Kondratyev and A. Taubin and V. Varshavsky},
    title = {Concurrent Hardware: The Theory and Practice of Self-Timed Design},
    publisher = {John Wiley \& Sons Ltd.},
    year = 1994
}

@article{KVL-96,
    author = {T. Kolks and S. Vercauteren and B. Lin},
    title = {Control Resynthesis for Control-Dominated Asynchronous Designs},
    journal ={Proc.\ ASYNC'96},
    publisher = {IEEE Computer Society},
    year = {1996},
    pages = {233--243}
}

@INPROCEEDINGS{kkt93,
  author = {Kondratyev, A. and Kishinevsky, M. and Taubin, A.},
  title = {Synthesis Method in self-timed design. {D}ecompositional approach},
  booktitle = {IEEE Int. Conf. VLSI and CAD},
  year = {1993},
  pages = {324-327},
}

@INPROCEEDINGS{kgh96,
  author = {Kudva, P. and Gopalakrishnan, G. and Jacobson, H.},
  title = {A technique for synthesizing distributed burst-mode circuits},
  booktitle = {33rd ACM/IEEE Design Automation Conf.},
  year = {1996},
  pages = {67-70},
}

@BOOK{lync96,
  title = {Distributed Algorithms},
  publisher = {Morgan Kaufmann Publishers, San Francisco},
  year = {1996},
  author = {Lynch, N.},
}

@PHDTHESIS{mada05,
  author = {Madalinski, A},
  title = {{Interactive Synthesis of Asynchronous Systems based on Partial Order
    Semantics}},
  school = {School of Computing Science, Newcastle University},
  year = {2005},
}

@INPROCEEDINGS{mbky03,
  author = {Madalinski, A. and Bystrov, A. and Khomenko, V. and Yakovlev, A.},
  title = {Visualization and resolution of coding conflicts in asynchronous
    circuit design},
  booktitle = {Proc. Design, Automation and Test in Europe (DATE)},
  year = {2003},
  publisher = icsp,
}

@PHDTHESIS{M-98,
  author = {Melzer,~S.},
  title = {Verifikation Verteilter Systeme mit Linearer --- und Constraint-Programmierung},
  school = {Technische Universit\"{a}t M\"{u}nchen, Utz Verlag},
  year = {1998}
}

@BOOK{miln89,
  title = {Communication and Concurrency},
  publisher = {Prentice {H}all},
  year = {1989},
  author = {Milner, R.},
}

@INPROCEEDINGS{muba59,
  author = {Muller, D. E. and Bartky, W. S.},
  title = {A theory of asynchronous Circuits},
  booktitle = {Proceedings of an International Symposium on the Theory of Switching},
  year = {1959},
  pages = {204--243},
  publisher = {Harvard University Press},
}

@article{M-89,
      author={Murata,~T.},
      title={{Petri Nets: Properties, Analysis and Applications}},
      journal={Proc.\ of the IEEE},
      volume={77},
      number={4},
      year={1989},
      pages={541--580}
}

@ARTICLE{newm42,
  author = {Newman, M.H.A.},
  title = {On theories with a combinatorial definition of 'equivalence'},
  journal = {Annals of Mathematics},
  year = {1942},
  volume = {43(2)},
  pages = {223-243},
}

@MISC{pcomp,
  key = {pcomp},
  title = {\pcomp tool},
  note = {{URL: \texttt{http://homepages.cs.ncl.ac.uk/victor.khomenko/ tools/pcomp}}},
}

@MISC{minisat,
  key = {minisat},
  title = {MiniSat tool},
  note = {{URL: \texttt{http://minisat.se/}}},
}

@MISC{clasp,
  key = {clasp},
  title = {Clasp tool},
  note = {{URL: \texttt{http://www.cs.uni-potsdam.de/clasp/}}},
}

@MANUAL{haste-manual,
  TITLE =        {\haste Manual, v. 3.0},
  author =       {A. Peeters and M. de Wit},
  organization = {Handshake Solutions},
  year =         {2005},
  note = {URL: http://hand\-shake\-so\-lu\-tions.com/Tech\-no\-lo\-gy/Haste/Article-14902.html}
}

@inproceedings{PC-96,
    author = {M.A. Pena and J. Cortadella},
    title = {Combining Process Algebras and {P}etri Nets for the Specification and Synthesis of Asynchronous Circuits},
    booktitle = {Proc.\ ASYNC'96},
    year = {1996},
    pages = {222--232},
    publisher = {IEEE Computer Society},
}

@BOOK{pete81,
  title = {Petri Net Theory},
  publisher = {Prentice-Hall},
  year = {1981},
  author = {Peterson, J.L.},
}

@BOOK{reis85,
  title = {Petri Nets},
  publisher = {Springer},
  year = {1985},
  author = {Reisig, W.},
  series = {{EATCS} Monographs on Theoretical Computer Science 4},
}

@INPROCEEDINGS{roya85,
  author = {Rosenblum, L. and Yakovlev, A.},
  title = {Signal graphs: from self-timed to timed ones},
  booktitle = {Proc.\ Int.\ Work.\ Timed Petri Nets},
  year = {1985},
  series = {Torino, Italy},
}

@inproceedings{SKCLY-99,
    author={Saito,~H. and Kondratyev,~A. and Cortadella,~J. and Lavagno,~L. and Yakovlev,~A.},
    title={What is the Cost of Delay Insensitivity?},
    booktitle={Proc.\ CAD'99},
    publisher=icsp,
    year={1999},
    pages={316--323}
}



@TECHREPORT{Sch07,
  author = {Schaefer, M.},
  title = {\desij --- A tool for decomposition},
  institution = {University of Augsburg},
  year = {2007},
  number = {2007-11},
  note = {\\URL: \texttt{http://www.informatik.uni-aug\-s\-burg.de/de/forschung/reports/}},
}


@INPROCEEDINGS{sv05,
  author = {Schaefer, M. and Vogler, W.},
  title = {Component Refinement and {CSC} Solving for {STG} Decomposition},
  booktitle = {{FOSSACS 05}},
  year = {pp.\ 348--363. Springer, 2005},
  editor = {Vladimiro Sassone},
  series = LNCS # {3441},
}

@TECHREPORT{vosc04,
  author = {Schaefer, M. and Vogler, W.},
  title = {Determinate {STG} Decomposition of Marked Graphs},
  institution = {University of Augsburg},
  year = {2004},
  number = {2004-12},
  address = {http://www.Informatik.Uni-Augsburg.DE/skripts/techreports/},
}

@INPROCEEDINGS{svj05,
  author = {Schaefer, M. and Vogler, W. and Jan\v{c}ar, P.},
  title = {Determinate {STG} Decomposition of Marked Graphs},
  booktitle = {{ATPN 05}},
  year = {365--384. Springer, 2005},
  editor = {Ciardo, G. and Darondeau, P.},
  series = LNCS # {3536},
}


@inproceedings{svwk06,
  author    = {Schaefer, M. and
               Vogler, W. and
               Wollowski, R. and
               Khomenko, V.},
  title     = {Strategies for Optimised {STG} Decomposition},
  booktitle = {ACSD},
  year      = {2006},
  pages     = {123-132},
  ee        = {http://doi.ieeecomputersociety.org/10.1109/ACSD.2006.30},
}

@inproceedings{S-06,
    author={Sch{\"a}fer,~M.},
    title={{CSC-Aware STG-Decomposition}},
    booktitle={Proc.\ 18th UK Asynchronous Forum},
    publisher={Newcastle University},
    year={2006}
}

@INPROCEEDINGS{scvo05,
  author = {Sch{\"a}fer, M. and Vogler, W.},
  title = {Component Refinement and {CSC} Solving for {STG} Decomposition},
  booktitle = {{FOSSACS 05}},
  year = {348 -363. Springer, 2005},
  series = LNCS # {3441},
}

@TECHREPORT{scvo04b,
  author = {Sch{\"a}fer, M. and Vogler, W.},
  title = {Component Refinement and {CSC} Solving for STG Decomposition},
  institution = {University of Augsburg},
  year = {2004},
  number = {2004-13},
  address = {http://www.Informatik.Uni-Augsburg.DE/skripts/techreports/},
}

@TECHREPORT{svww08,
  author = {Schaefer, M. and Vogler, W. and Wist, D. and Wollowski, R.},
  title = {Avoiding Irreducible {CSC} Conflicts by Internal Communication},
  institution = {University of Augsburg},
  year = {2008},
  number = {2008-02},
  note = {\\URL: \texttt{http://www.Informatik.Uni-Augsburg.DE/skripts/techreports/}},
}



@INPROCEEDINGS{sega93,
  author = {Segala, R.},
  title = {Quiescence, fairness, testing, and the notion of implementation},
  booktitle = {{CONCUR 93}},
  year = {324--338. Springer, 1993},
  editor = {Best, E.},
  series = LNCS # {715},
}

@PHDTHESIS{Sem-97,
  author = {Semenov, A},
  title = {{Verification and Synthesis of Asynchronous Control Circuits Using
    Petri Net Unfolding}},
  school = {{School of Computing Science, Newcastle University}},
  year = {1997},
}

@INPROCEEDINGS{stc98,
  author = {Silva, M. and Teruel, E. and Colom, J.M.},
  title = {Linear algebraic and linear programming techniques for the analysis
    of place/transition net systems},
  booktitle = {Lectures on {P}etri Nets I; Basic Models},
  year = {309--373. Springer, 1998},
  series = {LNCS 1491},
}

@ARTICLE{SBY-07,
  AUTHOR = {D. Sokolov and A. Bystrov and A. Yakovlev},
  TITLE = {Direct Mapping of Low-Latency Asynchronous Controllers From {STGs}},
  JOURNAL = {IEEE Trans.\ CAD},
  YEAR = {2007},
  volume = {26},
  number = {6},
  pages = {993--1009}
}





@INPROCEEDINGS{vylm94,
  author = {Vanbekbergen, C. and Ykman-Couvreur, C. and Lin, B. and de Man, H.},
  title = {A generalized signal transition graph model for specification of
    complex interfaces},
  booktitle = {European Design and Test Conf.},
  year = {1994},
  pages = {378-384},
  publisher = {IEEE},
}

@Book(voglLNCS,
 Author=      "Vogler, W.",
 Title=       "Modular Construction and Partial Order Semantics
of {P}etri Nets",
 Publisher=   "Springer",
 Year=        "1992",
 Series=       LNCS # 625)

@INPROCEEDINGS{vogl97icalp,
  author = {Vogler, W.},
  title = {Efficiency of Asynchronous Systems and Read Arcs in {P}etri Nets},
  booktitle = {{ICALP 97}},
  year = {538--548. Springer, 1997},
  editor = {Degano, P. and Gorrieri, R. and Marchetti-Spaccamela, A.},
  series = LNCS # {1256},
  note = {Full version at http://www.informatik.uni-augsburg.de/$\sim$vogler/
    under the title \lq Efficiency of Asynchronous Systems, Read Arcs,
    and the MUTEX-Problem' },
}

@ARTICLE{voka06,
  author = {Vogler, W. and Kangsah, B.},
  title = {Improved Decomposition of Signal Transition Graphs},
  journal = FUNDAM,
  year = {2006},
  pages = {161-197},
  volume = {76}
}

@INPROCEEDINGS{voka05acsd,
  author = {Vogler, W. and Kangsah, B.},
  title = {Improved Decomposition of Signal Transition Graphs},
  booktitle = {ACSD 2005},
  year = {2005},
  pages = {244-253},
  editors = {Desel, J. and Watanabe, Y.},
}

@TECHREPORT{voka04,
  author = {Vogler, W. and Kangsah, B.},
  title = {Improved Decomposition of Signal Transition Graphs},
  institution = {University of Augsburg},
  year = {2004},
  number = {2004-8},
  address = {http://www.Informatik.Uni-Augsburg.DE/skripts/techreports/},
}

@INPROCEEDINGS{vowo02lncs,
  author = {Vogler, W. and Wollowski, R.},
  title = {Decomposition in Asynchronous Circuit Design},
  booktitle = {Concurrency and Hardware Design},
  year = {152 -- 190. Springer, 2002},
  editor = {Cortadella, J. and others},
  series = LNCS # {2549},
}

@TECHREPORT{vowo02,
  author = {Vogler, W. and Wollowski, R.},
  title = {Decomposition in Asynchronous Circuit Design},
  institution = {University of Augsburg},
  year = {2002},
  number = {2002-5},
  address = {http://www.Informatik.Uni-Augsburg.DE/skripts/techreports/},
}

@INPROCEEDINGS{wen77,
  author = {Wendt, S.},
  title = {Using {P}etri nets in the design process for interacting asynchronous
    sequential circuits},
  booktitle = {Proc. IFAC-Symp.\ on Discrete Systems, Vol.2},
  year = {130--138. 1977},
  series = {Dresden},
}

@INPROCEEDINGS{Wist07,
  author = {Wist, D. and Wollowski, R.},
  title = {Avoiding Irreducible {CSC} Conflicts in Component {STG}s},
  booktitle = {Proceedings of the 19th UK Asynchronous Forum},
  year = {2007},
  publisher = {Imperial College London}
}

@PHDTHESIS{woll97,
  author = {Wollowski, R.},
  title = {Entwurfsorientierte {P}etrinetz-Modellierung des Schnittstellen-Sollverhaltens
    asynchroner Schaltwerksverb{\"u}nde},
  school = {Uni.\ Kaiserslautern, FB Elektrotechnik},
  year = {1997},
  publisher = {Shaker Verlag, Aachen},
}

@INPROCEEDINGS{wb00,
  author = {Wollowski, R. and Beister, J.},
  title = {Comprehensive Causal Specification of Asynchronous Controller and
    Arbiter Behaviour},
  booktitle = {Hardware Design and Petri Nets},
  year = {2000},
  editor = {Yakovlev, A. and Gomes, L. and Lavagno, L.},
  pages = {3-32},
  publisher = {Kluwer Academic Publishers},
}

@INPROCEEDINGS{ykkl94,
  author = {Yakovlev, A. and Kishinevsky, M. and Kondratyev, A. and La\-vag\-no,
    L.},
  title = {OR Causality: Modelling and Hardware Implementation},
  booktitle = {Applications and Theory of {P}etri Nets 1994},
  year = {568--587. Springer, 1994},
  editor = {Valette, R.},
  series = LNCS # {815},
}

@ARTICLE{ykklp96,
  author = {Yakovlev, A. and Kishinevsky, M. and Kondratyev, A. and La\-vag\-no,
    L. and Pietkiewicz-Koutny, M.},
  title = {On the models for asynchronous circuit behaviour with {OR} causality},
  journal = {Formal Methods in System Design},
  year = {1996},
  volume = {9},
  pages = {189-233},
}

@INPROCEEDINGS{yom04,
  author = {Yoneda, T. and Onda, H. and Myers, C.},
  title = {Synthesis of Speed Independent Circuits Based on Decomposition},
  booktitle = {ASYNC 2004},
  year = {2004},
  pages = {135-145},
  publisher = {IEEE},
}
