@article{Cocke_2000_ibm,
 author = {Cocke, John and Markstein, V.},
 title = {The evolution of RISC technology at IBM},
 journal = {IBM J. Res. Dev.},
 volume = {44},
 issue = {1-2},
 month = {January},
 year = {2000},
 pages = {48--55},
}

@article{Fisher_1983_sigarch,
 author = {Fisher, Joseph A.},
 title = {Very Long Instruction Word architectures and the ELI-512},
 journal = {SIGARCH Comput. Archit. News},
 volume = {11},
 issue = {3},
 month = {June},
 year = {1983},
 pages = {140--150},
}

@book{Furber_2000_book,
 author = {Furber, Steve},
 title = {ARM System-on-Chip Architecture},
 year = {2000},
 edition = {2nd},
 publisher = {Addison-Wesley Longman Publishing Co., Inc.},
}

@article{ Das_2009_ieeessc,
 author = {Das, Shidhartha and Tokunaga, Carlos and Pant, Sanjay and Ma, W. H. and Kalaiselvan, Sudherssen and Lai, Kevin and Bull, David M. and Blaauw, David T.},
 title = {Razor II: in situ error detection and correction for PVT and SER tolerance},
 journal = {IEEE Trans. Solid-State Circuits},
 volume = {44},
 issue = {1},
 pages = {32--48},
 year = {2009},
}

@book{Heath_1995_book,
 author = {Heath, Steve},
 title = {Microprocessor architectures RISC, CISC and DSP},
 year = {1995},
 edition = {2nd},
 publisher = {Butterworth-Heinemann Ltd.},
}

@book{Corporaal_1997_book,
 author = {Corporaal, Henk},
 title = {Microprocessor Architectures: From VLIW to TTA},
 year = {1997},
 publisher = {John Wiley \& Sons, Inc.},
}

@article{Gelsinger_1987_ieeedtc,
author = {Gelsinger, Patrick},
title = {Design and test of the 80386},
journal ={IEEE Design and Test of Computers},
volume = {4},
year = {1987},
pages = {42-50},
}

@article{Lipasti_1997_computer,
 author = {Lipasti, Mikko H. and Shen, John Paul},
 title = {Superspeculative microarchitecture for beyond AD 2000},
 journal = {Computer},
 volume = {30},
 issue = {9},
 month = {September},
 year = {1997},
 pages = {59--66},
 publisher = {IEEE Computer Society Press},
}

@inproceedings{Myreen_2010_popl,
  author = {Myreen, Magnus O.},
  title = {Verified just-in-time compiler on x86.},
  booktitle = {Proceedings of Principles of Programming Languages (POPL)},
  editor = {Manuel V. Hermenegildo and Jens Palsberg},
  pages = {107-118},
  publisher = {ACM},
  year = 2010,
}

@inproceedings{Sokolov_2011_upm2soc,
  author = {Sokolov, Danil and Yakovlev, Alex},
  title = {Task scheduling based on energy token model},
  booktitle = {Workshop on Micro Power Management for Macro Systems on Chip (uPM2SoC)},
  year = 2011,
}