This file was created with JabRef 2.2b2.
Encoding: UTF-8

@STRING{_journal_ai = {Acta Informacia}}

@STRING{alex = {Alex Yakovlev}}

@STRING{cheetah = {Andrey Mokhov}}

@STRING{koelmans = {Albert M. Koelmans}}

@STRING{mech = {Ivan Poliakov}}

@STRING{montanari = {Montanari, U.}}

@STRING{rossi = {Rossi, F.}}

@proceedings{DBLP:conf/apn/2009,
  editor    = {Giuliana Franceschinis and
               Karsten Wolf},
  title     = {Applications and Theory of Petri Nets, 30th International
               Conference, PETRI NETS 2009, Paris, France, June 22-26,
               2009. Proceedings},
  booktitle = {Petri Nets},
  publisher = {Springer},
  series    = {Lecture Notes in Computer Science},
  volume    = {5606},
  year      = {2009},
  isbn      = {978-3-642-02423-8},
  ee        = {http://dx.doi.org/10.1007/978-3-642-02424-5},
  bibsource = {DBLP, http://dblp.uni-trier.de}
}

@BOOK{CGP-99,
    author={E.M. Clarke and O. Grumberg and D.A. Peled },
    title={Model Checking},
    publisher={MIT Press},
    year={1999}
}

@MASTERSTHESIS{Poliakov_2005_krsu,
  author = mech,
  title = {Development of real-time computer 3D-graphics visualization system},
  school = {Kyrgyz-Russian Slavic University},
  year = {2005},
  owner = {a6906906},
  timestamp = {2006.09.20}
}

@ARTICLE{Yakovlev_1998_cs,
  author = alex # {. } # koelmans,
  title = {{Petri nets and Digital Hardware Design Lectures on Petri Nets II:
	Applications. Advances in Petri Nets, Lecture Notes}},
  journal = {Computer Science},
  year = {1998},
  volume = {1492},
  pages = {154-236},
  owner = {a6906906},
  publisher = {Spri},
  timestamp = {2006.09.20}
}


@ARTICLE{Montanari_1995_ai,
  author = montanari # { and } # rossi,
  title = {Contextual nets},
  journal = _journal_ai,
  year = {1995},
  volume = {32},
  pages = {545--596},
  number = {6}
}

@INPROCEEDINGS{Ampalam_2006_iccad,
  author = {Ampalam, Manoj and Singh, Montek},
  title = {Counterflow pipelining: architectural support for preemption in asynchronous
	systems using anti-tokens},
  booktitle = {Proc. International Conference Computer-Aided Design (ICCAD)},
  year = {2006},
  month = nov
}

@PHDTHESIS{Brej_2005_phd,
  author = {Brej, Charles},
  title = {Early output logic and anti-tokens},
  school = {Dept. of Computer Science, University of Manchester},
  year = {2005},
  url = {http://brej.org/papers/thesis.pdf}
}

@ARTICLE{cortadella_petrify,
  author = {Cortadella, J. and Kishinevsky, M. and Kondratyev, A. and Lavagno,
	L. and Yakovlev, A.},
  title = {\noun{Petrify}: a tool for manipulating concurrent specifications and synthesis
	of asynchronous controllers},
  journal = {IEICE Trans.\ Inf.\ and Syst.},
  year = {1997},
  volume = {E80-D(3)},
  pages = {315-325},
  owner = {a6906906},
  timestamp = {2007.10.19}
}

@INPROCEEDINGS{Golubcovs_2008_Forum,
  author = {S. Golubcovs and A. Mokhov and A. Yakovlev},
  title = {{M}ulti-resource {A}rbiter {D}esign},
  booktitle = {Proc. 20th UK Asynchronous Forum},
  year = {2008},
  owner = {a6906906},
  timestamp = {2009.01.09}
}

@PHDTHESIS{Khomenko_2003_phd,
  author = {V. Khomenko},
  title = {Model Checking Based on Prefixes of Petri Net Unfoldings},
  school = {School of Computing Science, Newcastle University},
  year = {2003},
  owner = {Andrey Mokhov},
  pdf = {2003_khomenko_phd.pdf},
  timestamp = {2006.12.18}
}


@ARTICLE{Khomenko_2004_MPSAT,
  author = {V. Khomenko and M. Koutny and A. Yakovlev},
  title = {Detecting State Encoding Conflicts in {STG} Unfoldings Using {SAT}},
  journal = {Fundam. Inf.},
  year = {2004},
  volume = {62},
  pages = {221--241},
  number = {2},
  address = {Amsterdam, The Netherlands, The Netherlands},
  issn = {0169-2968},
  publisher = {IOS Press}
}

@INPROCEEDINGS{kktv92,
  author = {M. A. Kishinevsky and A. Y. Kondratyev and A.R. Taubin and V.I. Varshavsky},
  title = {On self-timed behavior verification},
  booktitle = {ACM Intl. Workshop on Timing Issues in the Specification and Synthesis
	of Digital Systems},
  year = {1992},
  owner = {a6906906},
  timestamp = {2007.10.19}
}

@INPROCEEDINGS{Mokhov_2008_DATE,
  author = {A. Mokhov and A. Yakovlev},
  title = {{Conditional Partial Order Graphs and Dynamically Reconfigurable
	Control Synthesis}},
  booktitle = {Proc. DATE'08},
  year = {2008}
}

@INPROCEEDINGS{Poliakov_2008_ASYNC,
  author = {I. Poliakov and A. Mokhov and A. Rafiev and D. Sokolov
	and A. Yakovlev},
  title = {Automated Verification of Asynchronous Circuits Using Circuit {P}etri Nets},
  booktitle = {Proc. ASYNC'08},
  year = {2008},
  pages = {161--170},
  doi = {http://doi.ieeecomputersociety.org/10.1109/ASYNC.2008.18},
  issn = {1522-8681},
  publisher = {IEEE Computer Society}
}

@INPROCEEDINGS{Poliakov_2007_PGC,
  author = {Poliakov, Ivan and Sokolov, Danil and Yakovlev, Alex},
  title = {Spread token, antitoken and counterflow semantics for asynchronous
	datapath model},
  booktitle = {EECE Postgraduate Conference, Newcastle University},
  year = {2007},
  owner = {a6906906},
  timestamp = {2006.12.18}
}

@PHDTHESIS{roig97formal,
  author = {O. Roig},
  title = {Formal Verification and Testing of Asynchronous Circuits},
  school = {Universitat Politecnica de Catalunya},
  year = {1997},
  url = {citeseer.ist.psu.edu/roig97formal.html}
}

@INPROCEEDINGS{Sokolov_2007_ACSD,
  author = {Sokolov, Danil and Poliakov, Ivan},
  title = {Asynchronous data path models},
  booktitle = {Proc. ACSD'07},
  year = {2007},
  owner = {a6906906},
  timestamp = {2006.12.18}
}

@INBOOK{Java_Reflection,
  chapter = {Linguistic Reflection in Java},
  pages = {1045-1077},
  title = {Software - Practice and Experience},
  publisher = {John Wiley \& Sons},
  year = {1998},
  author = {R. Morrison \& D.W. Stemple},
  owner = {a6906906},
  timestamp = {2006.09.22}
}

@INPROCEEDINGS{Vogler_1998_unfolding,
  author = {Walter Vogler and Alexei L. Semenov and Alexandre Yakovlev},
  title = {Unfolding and Finite Prefix for Nets with Read Arcs},
  booktitle = {International Conference on Concurrency Theory},
  year = {1998},
  pages = {501-516},
  url = {citeseer.ist.psu.edu/536642.html}
}

@INBOOK{Yakovlev_or_casual,
  chapter = {On the Models for Asynchronous Circuit Behaviour with OR Causality},
  pages = {189-233},
  title = {Formal Methods in System Design},
  publisher = {Kluwer Academic Publishers},
  year = {1996},
  author = {Yakovlev,Alex and Kishinevsky,Michael and Kondratyev,Alex and Lavagno,Luciano
	and Pietkiewicz-Koutny,Marta},
  owner = {a6906906},
  timestamp = {2006.09.22}
}

@BOOK{Sparso2001,
  title = {Principles of Asynchronous Circuit Design: A Systems Perspective},
  publisher = kap,
  year = {2001},
  editor = {Jens Spars{\o} and Steve Furber},
  html = {http://www.wkap.nl/prod/b/0-7923-7613-7}
}

@MANUAL{msdn_reflection,
  title = {MSDN Library: Reflection Overview},
  owner = {a6906906},
  timestamp = {2006.09.22}
}

@MISC{python,
  title = {{The Python Programming Language - http://www.python.org/}},
  owner = {a6906906},
  timestamp = {2006.12.19},
  url = {http://www.python.org/}
}

@MISC{svg,
  title = {{Scalable Vector Graphics - http://www.w3.org/Graphics/SVG/}},
  owner = {a6906906},
  timestamp = {2006.12.18},
  url = {http://www.w3.org/Graphics/SVG/}
}

@MISC{web_jogl,
  title = {{JOGL API project - https://jogl.dev.java.net/}},
  owner = {a6906906},
  timestamp = {2006.12.19}
}

@MISC{web_jythonorg,
  title = {{The Jython Project - http://www.jython.org/}},
  owner = {a6906906},
  timestamp = {2006.12.15},
  url = {http://www.jython.org/}
}

@MISC{web_pep,
  key={pep},
  title = {\noun{Pep} homepage. {URL}: \texttt{http://theoretica.informatik.uni-oldenburg.de/\~{}pep/}},
  owner = {a6906906},
  timestamp = {2009.01.09}
}

@MISC{xml,
  title = {{Extensible Markup Language (XML) - http://www.w3.org/XML/}},
  owner = {a6906906},
  timestamp = {2006.12.19},
  url = {http://www.w3.org/XML/}
}

@inproceedings{785214,
 author = {Pena, Marco A. and Cortadella, Jordi},
 title = {Combining Process Algebras and Petri Nets for the Specification and Synthesis of Asynchronous Circuits},
 booktitle = {ASYNC '96: Proceedings of the 2nd International Symposium on Advanced Research in Asynchronous Circuits and Systems},
 year = {1996},
 isbn = {0-8186-7298-6},
 pages = {222},
 publisher = {IEEE Computer Society},
 address = {Washington, DC, USA},
 }

@inproceedings{DBLP:conf/apn/PoliakovKY09,
  author    = {Ivan Poliakov and
               Victor Khomenko and
               Alexandre Yakovlev},
  title     = {Workcraft - A Framework for Interpreted Graph Models},
  booktitle = {Petri Nets},
  year      = {2009},
  pages     = {333-342},
  ee        = {http://dx.doi.org/10.1007/978-3-642-02424-5_21},
  bibsource = {DBLP, http://dblp.uni-trier.de}
}

@comment{%  crossref  = {_}, % DBLP:conf/apn/2009},}



@inproceedings{951597,
 author = {van Berkel, Kees and Kessels, Joep and Roncken, Marly and Saeijs, Ronald and Schalij, Frits},
 title = {The VLSI-programming language tangram and its translation into handshake circuits},
 booktitle = {EURO-DAC '91: Proceedings of the conference on European design automation},
 year = {1991},
 isbn = {0-8186-2130-3},
 pages = {384--389},
 location = {Amsterdam, The Netherlands},
 publisher = {IEEE Computer Society Press},
 address = {Los Alamitos, CA, USA},
 }


@article{balsa,
  author = "D. A. Edwards and A. Bardsley",
  title = {Balsa: An Asynchronous Hardware Synthesis Language},
  journal = "The Computer Journal",
  volume = "45 (1)",
  pages = "12-18",
  month = {jan},
  year = {2002}
}


@techreport{Sentovich:M92/41,
    Author = {E.M. Sentovich and K.J. Singh and L. Lavagno and C. Moon and R. Murgai and A. Saldanha and H. Savoj and P.R. Stephan and Robert K. Brayton and Alberto L. Sangiovanni-Vincentelli},
    Title = {SIS: A System for Sequential Circuit Synthesis},
    Institution = {EECS Department, University of California, Berkeley},
    Year = {1992},
    URL = {http://www.eecs.berkeley.edu/Pubs/TechRpts/1992/2010.html},
    Number = {UCB/ERL M92/41}
}


@techreport{
        DesiJ,
	author = "Mark Schaefer",
	institution = "University of Augsburg",
	title =  {{ DesiJ - A Tool for STG Decomposition }},
	number = "tr-11-2007",
	month = "October",
	year = "2007"
}


@comment{jabref-meta: selector_publisher:}

@comment{jabref-meta: selector_author:}

@comment{jabref-meta: selector_journal:}

@comment{jabref-meta: selector_keywords:}

